<?xml version="1.0" encoding="UTF-8"?><collection xmlns="http://www.loc.gov/MARC21/slim"><record><leader>00385nam--2200157-u-4500</leader><controlfield tag="001">000052126</controlfield><controlfield tag="002">20161230</controlfield><controlfield tag="005">20161230201049</controlfield><controlfield tag="008">090730s1000------------r-----000-0-eng-d</controlfield><datafield ind1=" " ind2=" " tag="040"><subfield code="a">IFIN-HH</subfield></datafield><datafield ind1=" " ind2=" " tag="080"><subfield code="a">518.2</subfield></datafield><datafield ind1="1" ind2=" " tag="100"><subfield code="a">Dvait,G.V</subfield></datafield><datafield ind1="1" ind2=" " tag="245"><subfield code="a">Tablitsy Integralov i Drugie Matematicheskie Formuly</subfield></datafield><datafield ind1=" " ind2=" " tag="260"><subfield code="a">Moskva</subfield><subfield code="c">1964</subfield></datafield><datafield ind1=" " ind2=" " tag="852"><subfield code="a">9760</subfield><subfield code="c">518.2</subfield></datafield><datafield ind1=" " ind2=" " tag="CAT"><subfield code="a">Sys</subfield><subfield code="c">20090730</subfield><subfield code="h">084726</subfield></datafield></record></collection>